@phdthesis{burghgraeve:2021,
  type = {Master},
  title = {A {SAM} APPROACH TO INTERACTION EFFECTS IN {SEM}},
  url = {https://libstore.ugent.be/fulltxt/RUG01/003/008/302/RUG01-003008302_2021_0001_AC.pdf},
  school = {Ghent University},
  author = {Burghgraeve, Elissa},
  year = {2021}, 
  language = {English}
}

@article{kleinEtAl:1997,
title = {A new approach to the estimation of latent interaction
                  effects in structural equation models},
author = {Klein, Andreas and Moosbrugger, Helfried and
                  Schermelleh-Engel, Karin and Frank, Dirk},
journal = {SoftStat},
volume = {97},
pages = {479--486},
year = {1997}
}

@article{kleinMoosbrugger:2000,
title = {Maximum likelihood estimation of latent interaction effects
                  with the {LMS} method},
author = {Klein, Andreas and Moosbrugger, Helfried},
journal = {Psychometrika},
volume = {65},
number = {4},
pages = {457--474},
year = {2000}
}

@article{linEtAl:2010,
title = {Structural equation models of latent interactions:
                  {Clarification} of orthogonalizing and
                  double-mean-centering strategies},
author = {Lin, Guan-Chyun and Wen, Zhonglin and Marsh, Herbert W. and
                  Lin, Huey-Shyan},
journal = {Structural Equation Modeling},
volume = {17},
number = {3},
pages = {374--391},
year = {2010}
}

@article{littleEtAl:2006,
title = {On the merits of orthogonalizing powered and product terms:
                  {Implications} for modeling interactions among
                  latent variables},
author = {Little, Todd D. and Bovaird, James A. and Widaman, Keith F.},
journal = {Structural Equation Modeling},
volume = {13},
number = {4},
pages = {497--519},
year = {2006}
}

@article{rosseelLoh:2022, 
  title={A structural after measurement approach to structural equation modeling}, 
  ISSN={1939-1463}, 
  DOI={10.1037/met0000503}, 
  journal={Psychological Methods}, 
  publisher={American Psychological Association}, 
  author={Rosseel, Yves and Loh, Wen Wei},
  year={2022}
}
