%%% Title:    R-Related Bibtex Entries
%%% Author:   Kyle M. Lang
%%% Created:  2016-01-27
%%% Modified: 2024-06-14

%%%%% JOURNAL ARTICLES %%%%%

@article{ihakaGentleman:1996,
title = {R: {A} language for data analysis and graphics},
author = {Ihaka, Ross and Gentleman, Robert},
journal = {Journal of Computational and Graphical Statistics},
volume = {5},
number = {3},
pages = {299--314},
year = {1996},
publisher = {Taylor \& Francis}
}

%%%%% COMPUTER SOFTWARE %%%%%

@article{blavaanJags,
  title = {{blavaan: Bayesian} Structural Equation Models via Parameter Expansion},
  author = {Edgar C. Merkle and Yves Rosseel},
  journal = {Journal of Statistical Software},
  year = {2018},
  volume = {85},
  number = {4},
  pages = {1--30},
  doi = {10.18637/jss.v085.i04},
}

@article{blavaanStan,
  title = {Efficient {Bayesian} Structural Equation Modeling in {Stan}},
  author = {Edgar C. Merkle and Ellen Fitzsimmons and James Uanhoro and Ben Goodrich},
  journal = {Journal of Statistical Software},
  year = {2021},
  volume = {100},
  number = {6},
  pages = {1--22},
  doi = {10.18637/jss.v100.i06}
}

@manual{modsem,
    title = {{modsem: Latent} Interaction (and Moderation) Analysis in Structural
Equation Models {(SEM)}},
    author = {Kjell {Solem Slupphaug}},
    year = {2024},
    note = {R package version 0.1.4},
    url = {https://CRAN.R-project.org/package=modsem},
  }

@manual{R,
title = {R: A Language and Environment for Statistical Computing},
author = {{R Core Team}},
organization = {R Foundation for Statistical Computing},
address = {Vienna, Austria},
year = {2015},
url = {https://www.R-project.org/},
}

%%%%% BOOKS %%%%%

@book{beckerChambers:1984,
title = {S: an interactive environment for data analysis and graphics},
author = {Becker, Richard A and Chambers, John M},
year = {1984},
publisher = {Wadsworth and Brooks/Cole},
address = {Monterey, CA}
}

@book{beckerEtAl:1988,
title = {The new {S} language},
author = {Becker, Richard A and Chambers, John M and Wilks, Allan R},
year = {1988},
publisher = {Chapman \& Hall},
address = {London}
}

@book{chambers:1998,
title = {Programming with data: {A} guide to the {S} language},
author = {Chambers, John M},
year = {1998},
publisher = {Springer Science \& Business Media},
address = {New York}
}

@book{chambersHastie:1992,
title = {Statistical models in S},
author = {Chambers, John M and Hastie, Trevor J},
year = {1992},
publisher = {Chapman \& Hall},
address = {London}
}

